<?xml version="1.0" encoding="UTF-8"?><collection xmlns="http://www.loc.gov/MARC21/slim"><record><leader>00331nam--2200121-i-4500</leader><controlfield tag="001">000018401</controlfield><controlfield tag="002">20161230</controlfield><controlfield tag="005">20161230201032</controlfield><controlfield tag="008">060222s1000------------r-----000-0-eng-d</controlfield><datafield ind1=" " ind2=" " tag="080"><subfield code="a">54(038)=20</subfield></datafield><datafield ind1=" " ind2=" " tag="245"><subfield code="a">Encyclopedia of chemical reactions. compiled by jacobson, c.a</subfield></datafield><datafield ind1=" " ind2=" " tag="260"><subfield code="a">London, Chapman &amp; Hall,Ltd., 1946-1958</subfield></datafield><datafield ind1=" " ind2=" " tag="852"><subfield code="a">D.216</subfield></datafield></record></collection>